@article{ Tzanetakis02,
  title={Musical genre classification of audio signals},
  author={Tzanetakis, George and Cook, Perry},
  journal={Speech and Audio Processing, IEEE transactions on},
  volume={10},
  number={5},
  pages={293--302},
  year={2002},
  publisher={IEEE}
}

@inproceedings{Shazam03,
  title={An Industrial Strength Audio Search Algorithm.},
  author={Wang, Avery and others},
  booktitle={ISMIR},
  pages={7--13},
  year={2003}
}

@article{Prechelt01,
  title={An interface for melody input},
  author={Prechelt, Lutz and Typke, Rainer},
  journal={ACM Transactions on Computer-Human Interaction (TOCHI)},
  volume={8},
  number={2},
  pages={133--149},
  year={2001},
  publisher={ACM}
}

@article{Wold96,
  title = {Content-based classification, search, and retrieval of audio},
  author = {E. Wold and T. Blum and D. Keislar and J. Wheaton},
  journal = {MultiMedia, IEEE},
  volume = {3},
  number= {3},
  pages= {27-36},
  year= {1996},
  publisher= {IEEE}
}

@inproceedings{Typke04,
  title={Searching notated polyphonic music using transportation distances},
  author={Typke, Rainer and Veltkamp, Remco C and Wiering, Frans},
  booktitle={Proceedings of the 12th annual ACM international conference on Multimedia},
  pages={128--135},
  year={2004},
  organization={ACM}
}

@article{ Lidy05,
       author={Lidy, Thomas and P{\"o}lzlbauer, Georg and Rauber, Andreas},	   
		 journal = {Proceedings of the International Computer Music Conference (ICMC)},
       pages = {93-96},
       title = {Sound Re-synthesis From Rhythm Pattern Features - Audible Insight Into A Music Feature Extraction Process},
       year = {2005},
  
}

@article{ DeepLearningSurvey2010,
  title={Deep machine learning-a new frontier in artificial intelligence research [research frontier]},
  author={Arel, Itamar and Rose, Derek C and Karnowski, Thomas P},
  journal={Computational Intelligence Magazine, IEEE},
  volume={5},
  number={4},
  pages={13--18},
  year={2010},
  publisher={IEEE}	
}

@article{Bellman57,
  title={Dynamic Programming Princeton University Press},
  author={Bellman, Richard},
  journal={Princeton, NJ},
  year={1957}
}

@article{ Biology2012,
  title={Hearing is believing: biologically-inspired feature extraction for robust automatic speech recognition},
  author={Stern, R and Morgan, Nelson},
  journal={IEEE signal processing magazine},
  volume={29},
  number={34-43},
  pages={170},
  year={2012}
}

@inproceedings{ mirSurvey05,
  title={A Survey of Music Information Retrieval Systems.},
  author={Typke, Rainer and Wiering, Frans and Veltkamp, Remco C and others},
  booktitle={ISMIR},
  pages={153--160},
  year={2005}
}

@inproceedings{Foote1997,
  title={Content-based retrieval of music and audio},
  author={Foote, Jonathan T},
  booktitle={Voice, Video, and Data Communications},
  pages={138--147},
  year={1997},
  organization={International Society for Optics and Photonics}
}

@inproceedings{Hamel2010LearningFeatures,
  title={Learning Features from Music Audio with Deep Belief Networks.},
  author={Hamel, Philippe and Eck, Douglas},
  booktitle={ISMIR},
  pages={339--344},
  year={2010},
  organization={Utrecht, The Netherlands}
}

@article{Mierswa2005AutoFeatureExtr,
  title={Automatic feature extraction for classifying audio data},
  author={Mierswa, Ingo and Morik, Katharina},
  journal={Machine learning},
  volume={58},
  number={2-3},
  pages={127--149},
  year={2005},
  publisher={Springer}
}

@article{Davis1980MFCC,
  title={Comparison of parametric representations for monosyllabic word recognition in continuously spoken sentences},
  author={Davis, Steven B and Mermelstein, Paul},
  journal={Acoustics, Speech and Signal Processing, IEEE Transactions on},
  volume={28},
  number={4},
  pages={357--366},
  year={1980},
  publisher={IEEE}
}

@inproceedings{Logan2000mel,
  title={Mel Frequency Cepstral Coefficients for Music Modeling.},
  author={Logan, Beth and others},
  booktitle={ISMIR},
  year={2000}
}

@article{rauber2003som,
  title={The SOM-enhanced JukeBox: Organization and visualization of music collections based on perceptual models},
  author={Rauber, Andreas and Pampalk, Elias and Merkl, Dieter},
  journal={Journal of New Music Research},
  volume={32},
  number={2},
  pages={193--210},
  year={2003},
  publisher={Taylor \& Francis}
}

@article{kohonen2002make,
  title={How to make large self-organizing maps for nonvectorial data},
  author={Kohonen, Teuvo and Somervuo, Panu},
  journal={Neural networks},
  volume={15},
  number={8},
  pages={945--952},
  year={2002},
  publisher={Elsevier}
}

@book{flanagan2013speech,
  title={Speech analysis synthesis and perception},
  author={Flanagan, James L},
  volume={3},
  year={2013},
  publisher={Springer Science \& Business Media}
}

@article{mierswa2005automatic,
  title={Automatic feature extraction for classifying audio data},
  author={Mierswa, Ingo and Morik, Katharina},
  journal={Machine learning},
  volume={58},
  number={2-3},
  pages={127--149},
  year={2005},
  publisher={Springer}
}

@book{ivakhnenko1965cybernetic,
  title={Cybernetic predicting devices},
  author={Ivakhnenko, Alekse{\u\i} Grigor{\'e}vich and Lapa, Valentin Grigor{\'e}vich},
  year={1965},
  publisher={CCM Information Corporation}
}

@article{bengio2009learning,
  title={Learning deep architectures for AI},
  author={Bengio, Yoshua},
  journal={Foundations and trends{\textregistered} in Machine Learning},
  volume={2},
  number={1},
  pages={1--127},
  year={2009},
  publisher={Now Publishers Inc.}
}

@inproceedings{hamel2010learning,
  title={Learning Features from Music Audio with Deep Belief Networks.},
  author={Hamel, Philippe and Eck, Douglas},
  booktitle={ISMIR},
  pages={339--344},
  year={2010},
  organization={Utrecht, The Netherlands}
}

@article{hinton2006fast,
  title={A fast learning algorithm for deep belief nets},
  author={Hinton, Geoffrey E and Osindero, Simon and Teh, Yee-Whye},
  journal={Neural computation},
  volume={18},
  number={7},
  pages={1527--1554},
  year={2006},
  publisher={MIT Press}
}

@inproceedings{atlas1988artificial,
  title={An artificial neural network for spatio-temporal bipolar patterns: Application to phoneme classification},
  author={Atlas, Les E and Homma, Toshiteru and Marks II, Robert J},
  booktitle={Proc. Neural Information Processing Systems (NIPS)},
  pages={31},
  year={1988}
}

@inproceedings{li2010automatic,
  title={Automatic musical pattern feature extraction using convolutional neural network},
  author={Li, Tom LH and Chan, Antoni B and Chun, A},
  booktitle={Proc. Int. Conf. Data Mining and Applications},
  year={2010}
}

@inproceedings{lee2009convolutional,
  title={Convolutional deep belief networks for scalable unsupervised learning of hierarchical representations},
  author={Lee, Honglak and Grosse, Roger and Ranganath, Rajesh and Ng, Andrew Y},
  booktitle={Proceedings of the 26th Annual International Conference on Machine Learning},
  pages={609--616},
  year={2009},
  organization={ACM}
}

@inproceedings{lee2009unsupervised,
  title={Unsupervised feature learning for audio classification using convolutional deep belief networks},
  author={Lee, Honglak and Pham, Peter and Largman, Yan and Ng, Andrew Y},
  booktitle={Advances in neural information processing systems},
  pages={1096--1104},
  year={2009}
}
